<record><leader>00000cas a22000007a 4500</leader><controlfield tag="001">14877113</controlfield><controlfield tag="008">861126d19031905inuwr ne      0    0eng d</controlfield><datafield ind1=" " ind2=" " tag="010"><subfield code="a">sn 86059085 </subfield></datafield><datafield ind1=" " ind2=" " tag="040"><subfield code="a">NPI</subfield><subfield code="b">eng</subfield><subfield code="c">NPI</subfield><subfield code="d">OCLCQ</subfield></datafield><datafield ind1=" " ind2=" " tag="042"><subfield code="a">msc</subfield></datafield><datafield ind1="0" ind2=" " tag="130"><subfield code="a">Home journal (Lafayette, Ind. : 1903)</subfield></datafield><datafield ind1="1" ind2="4" tag="245"><subfield code="a">The Home journal.</subfield></datafield><datafield ind1=" " ind2=" " tag="260"><subfield code="a">LaFayette, Ind. :</subfield><subfield code="b">[Home Journal Print. Co.]</subfield></datafield><datafield ind1=" " ind2=" " tag="310"><subfield code="a">Weekly</subfield></datafield><datafield ind1="0" ind2=" " tag="362"><subfield code="a">Vol. 31, no. 23 (Dec. 31, 1903)-</subfield></datafield><datafield ind1="1" ind2=" " tag="362"><subfield code="a">Ceased in 1905?</subfield></datafield><datafield ind1=" " ind2=" " tag="580"><subfield code="a">Issued also in daily ed. called: The Call.</subfield></datafield><datafield ind1=" " ind2=" " tag="752"><subfield code="a">United States</subfield><subfield code="b">Indiana</subfield><subfield code="c">Tippecanoe</subfield><subfield code="d">Lafayette.</subfield></datafield><datafield ind1="1" ind2=" " tag="775"><subfield code="t">Call (Lafayette, Ind.)</subfield><subfield code="w">(DLC)sn 86059088</subfield></datafield><datafield ind1="0" ind2="0" tag="780"><subfield code="t">Home journal, and the Lafayette weekly call</subfield><subfield code="w">(DLC)sn 86059084</subfield></datafield></record>